@article{firstbib,
  author =       "Hubert Knioła",
  title =        "{Tytuł artykułu}",
  journal =      "Kirkman",
  volume =       "322",
  number =       "10",
  pages =        "891--921",
  year =         "1905",
  DOI =          "http://www.przyklad.pl"
}

@book{secondbib,
    author    = "Hubert Knioła",
    title     = "Tytuł książki",
    year      = "1993",
    publisher = "Kirkman",
    address   = "Reading, Poznań"
}
 
@misc{thirdbib,
    author    = "Hubert Knioła",
    title     = "Tytuł",
    url       = "http://www.przyklad.pl"
}
